<?xml version="1.0" encoding="UTF-8" ?><marc:record xmlns:marc="http://www.loc.gov/MARC21/slim"><marc:leader>00435nam a2200109   4500</marc:leader><marc:controlfield tag="001">1000089</marc:controlfield><marc:controlfield tag="008">100120s1825        enk       |00|| und d</marc:controlfield><marc:datafield tag="100" ind1="1" ind2=" "><marc:subfield code="a">Darwin, Charles.</marc:subfield></marc:datafield><marc:datafield tag="245" ind1="1" ind2="0"><marc:subfield code="a">über Raçen der landwirthschaftlichen Hausthiere. :</marc:subfield><marc:subfield code="b">[Supplementary material in Charles Darwin's copy].</marc:subfield></marc:datafield><marc:datafield tag="500" ind1=" " ind2=" "><marc:subfield code="a">Identifier: Sturm1825cj97F_MS.</marc:subfield></marc:datafield><marc:datafield tag="700" ind1="1" ind2=" "><marc:subfield code="a">Sturm, Carl Christoph Gottlieb.</marc:subfield></marc:datafield><marc:datafield tag="772" ind1="0" ind2=" "><marc:subfield code="t">über Raçen der landwirthschaftlichen Hausthiere.</marc:subfield><marc:subfield code="o">Sturm1825cj97F</marc:subfield></marc:datafield></marc:record>